<?xml version="1.0" encoding="UTF-8"?><collection xmlns="http://www.loc.gov/MARC21/slim"><record><leader>00513nam--2200181-i-4500</leader><controlfield tag="001">000012824</controlfield><controlfield tag="002">20161230</controlfield><controlfield tag="005">20161230201030</controlfield><controlfield tag="008">060222s1000------------r-----000-0-fre-d</controlfield><datafield ind1=" " ind2=" " tag="040"><subfield code="a">IFIN-HH</subfield></datafield><datafield ind1=" " ind2=" " tag="041"><subfield code="a">fre</subfield></datafield><datafield ind1=" " ind2=" " tag="080"><subfield code="a">538.913:546.3(043)</subfield></datafield><datafield ind1="1" ind2=" " tag="100"><subfield code="a">Biget, Michel</subfield></datafield><datafield ind1="1" ind2="0" tag="245"><subfield code="a">Etude de l'anisotropie des deplacements atomiques dans les metaux cubiques centres</subfield><subfield code="b">These</subfield><subfield code="c">Michel biget</subfield></datafield><datafield ind1=" " ind2=" " tag="260"><subfield code="a">Paris</subfield><subfield code="b">Universite</subfield><subfield code="c">1978</subfield></datafield><datafield ind1=" " ind2=" " tag="300"><subfield code="a">III + 144 P</subfield></datafield><datafield ind1=" " ind2=" " tag="852"><subfield code="a">46414</subfield><subfield code="c">539.2</subfield></datafield><datafield ind1=" " ind2=" " tag="CAT"><subfield code="a">Sys</subfield><subfield code="c">20121029</subfield><subfield code="h">095411</subfield></datafield></record></collection>